<?xml version="1.0" encoding="UTF-8"?><collection><record><leader>08945ntm a2200601 a 4500</leader><controlfield tag="001">006805275</controlfield><controlfield tag="003">MiAaHDL</controlfield><controlfield tag="005">20190803000000.0</controlfield><controlfield tag="006">m        d        </controlfield><controlfield tag="007">cr bn ---auaua</controlfield><controlfield tag="008">090530s1660    ye            00| ||ara d</controlfield><datafield tag="035" ind1=" " ind2=" "><subfield code="a">(MiU)006805275</subfield></datafield><datafield tag="035" ind1=" " ind2=" "><subfield code="a">sdr-miu006805275</subfield></datafield><datafield tag="040" ind1=" " ind2=" "><subfield code="a">MiU</subfield><subfield code="c">MiU</subfield><subfield code="e">amremm</subfield></datafield><datafield tag="043" ind1=" " ind2=" "><subfield code="a">n-us-mi</subfield></datafield><datafield tag="100" ind1="1" ind2=" "><subfield code="6">880-01</subfield><subfield code="a">Ibn Miftāḥ, ʻAbd Allāh ibn Abī al-Qāsim,</subfield><subfield code="d">d. 1472.</subfield></datafield><datafield tag="245" ind1="1" ind2="3"><subfield code="6">880-02</subfield><subfield code="a">[al-Muntazaʻ al-mukhtār min al-Ghayth al-midrār al-mufattiḥ li-kamāʼim al-Azhār fī fiqh al-aʼimmah al-aṭhār,</subfield><subfield code="f">1070, i.e. 1660].</subfield></datafield><datafield tag="246" ind1="3" ind2=" "><subfield code="6">880-03</subfield><subfield code="i">From inscription on fol.1a (p.1):</subfield><subfield code="a">Sharḥ al-Azhār fī fiqh al-aʼimmah al-aṭhār</subfield></datafield><datafield tag="260" ind1=" " ind2=" "><subfield code="a">[Yemen,</subfield><subfield code="c">1660].</subfield></datafield><datafield tag="300" ind1=" " ind2=" "><subfield code="a">374 leaves :</subfield><subfield code="b">paper ;</subfield><subfield code="c">310 x 200 (200 x 125) mm. bound to 310 x 205 mm.</subfield></datafield><datafield tag="500" ind1=" " ind2=" "><subfield code="a">Shelfmark: Ann Arbor, University of Michigan, Special Collections Library, Isl. Ms. 589</subfield></datafield><datafield tag="500" ind1=" " ind2=" "><subfield code="a">Origin: As appears in colophon with patronage statement on fol.363b (p.724), copied for Muḥammad ibn Aḥmad ibn Muḥammad ibn Ṣāliḥ al-ʻAnsī. Transcription finished ("wa-kāna al-farāgh min raqmih...") at midday on Thursday, 10th of Jumādá I, 1070 [ca. 23 January 1660]. Place of transcription not specified though patron, content, hand, etc. suggest Yemen.</subfield></datafield><datafield tag="500" ind1=" " ind2=" "><subfield code="a">Accompanying materials: a. Inventory cataloguing slip in hand of Winifred Smeaton Thomas. -- b. Acquisitions slip from Yahuda. -- c. letter on European paper with seal impression, difficult to read, inserted between fol. 143-144 (p.284-285) -- d. cache of exactly 60 slips in European paper (with watermarks: three crescents, coat of arms, horn in circle, bunch of grapes, etc.) of unusual shapes and sizes inserted between fol. 287-288 (p.572-573), bearing traditions, glosses, legal problems, etc. -- e. cache of 7 now detached leaves and slips in European paper (with three crescents watermark, hand and flower watermark) after the final quire, carrying glosses, excerpts, etc.</subfield></datafield><datafield tag="500" ind1=" " ind2=" "><subfield code="a">Former shelfmark: From spine label, "IL 177" (likely supplied by Yahuda, see acquisitions slip).</subfield></datafield><datafield tag="500" ind1=" " ind2=" "><subfield code="a">Binding: Pasteboards covered in dark brown leather with repairs in black cloth ; Type II (likely, i.e. once with flap, now lost) ; board linings in purple wove paper ; upper and lower covers carry a large blind-stamped central mandorla with light brown leather onlays (filled with vegetal composition of asymmetrical design, incorporating chi clouds - compare Déroche class. NA 1) ; in fair condition with some damage and obvious repairs, though flap lost and volume nearly split in two at spine ; housed in box for protection.</subfield></datafield><datafield tag="500" ind1=" " ind2=" "><subfield code="a">Support: European paper of several types ; two opening leaves and closing flyleaf with laid lines spaced roughly 6 laid lines per cm. (horizontal), single chain lines spaced roughly 25 mm. apart (vertical), three crescents watermark (perpendicular to chains and roughly 82-82 mm. in length) ; next section of added leaves at opening with laid lines spaced roughly 6-7 per cm. (horizontal) and every 5th or 7th laid line especially heavy, chain lines spaced 28 mm. apart (vertical) and crown star crescent watermark roughly 62 mm. in length (see p.40, 46, etc.) ; elsewhere in many quires of the codex a paper with 7 laid lines per cm. (horizontal), chain lines spaced roughly 25-28 mm. apart (vertical) and three crescents watermark 78 mm. in length perpendicular to the chains (see p.162, compare motif in Heawood 865).</subfield></datafield><datafield tag="500" ind1=" " ind2=" "><subfield code="a">Decoration: Many keywords and section headings fully rubricated or accented with red ink ; others in yellow or green ; textual dividers in the form of black dot in circle often used in the glosses (compare type 3 in Regourd, Catalogue cumulé des bibliothèques de manuscrits de Zabid, fascicule 1) and polychrome (red and green) accents at close, framing colophon (resemble type 13 in Regourd, though polychrome).</subfield></datafield><datafield tag="500" ind1=" " ind2=" "><subfield code="a">Script: Naskh ; compact Yemeni hand in a bold line ; virtually serifless with slight effect of inclination to the left, some elongation of horizontal strokes and sweeping descenders, many closed counters, curvilinear descenders, lām alif muḥaqqaqah inclining dramatically to the right, very scarcely pointed (pointing that does appear in distinct dots) ; headings supplied in larger, bolded script that is partially seriffed (approaching tawqīʻ).</subfield></datafield><datafield tag="500" ind1=" " ind2=" "><subfield code="a">Layout: Written in 34 lines per page ; frame-ruled.</subfield></datafield><datafield tag="500" ind1=" " ind2=" "><subfield code="a">Collation: 2 III (12), 3 I (18), III (24), 34 IV (296), III (302), 7 IV (358), 2 III (370), II (374), ii ; chiefly quaternions ; middle of the quire marks appear in the form of numeral ٢ (bāʼ hindīyah) in the upper outer margin of left-hand leaf, lower outer margin of the right-hand leaf ; catchwords present ; pagination in pencil, Western numerals (repeats p.169-170 and thus off by two pages).</subfield></datafield><datafield tag="500" ind1=" " ind2=" "><subfield code="a">Colophon: "Scribal," triangular, reads: "وكان الفراع من رقمه بفضل الله وعونه ولطفه ومنه ظهيرة يوم الخميس لعله العاشر يوما من شهر جمادى الاولى سنة سبعين بعد الالف والدعا لكاتبه ... مما رقم بعناية مالكه الفقير الامجد النجيب ... محمد بن احمد بن محمد بن صالح العنسي ختم الله لنا وله بالامان ..."</subfield></datafield><datafield tag="500" ind1=" " ind2=" "><subfield code="a">Explicit: "هذا هو الاولى في [تحقيق] حكم المخالفة والمناصرة"</subfield></datafield><datafield tag="500" ind1=" " ind2=" "><subfield code="a">Incipit: "مقدمه لا يسع المقلد جهلها لمعنى انه لا يجوز له الاخلال بمعرفتها فصل ذكر فيه مولانا عليلم من يجوز له التقليد ومن يحرم عليه وما يجوز التقليد فيه من الاحكام وما لا يجوز فقال ..."</subfield></datafield><datafield tag="500" ind1=" " ind2=" "><subfield code="a">Title supplied by cataloguer.</subfield></datafield><datafield tag="500" ind1=" " ind2=" "><subfield code="a">Ms. codex.</subfield></datafield><datafield tag="510" ind1="4" ind2=" "><subfield code="a">Kropf, E. "The Yemeni manuscripts of the Yahuda Collection at the University of Michigan: provenance and acquisition." Chroniques du manuscrit au Yémen 13 (janvier 2012).</subfield></datafield><datafield tag="510" ind1="4" ind2=" "><subfield code="a">Regourd, Anne. Catalogue cumulé des bibliothèques de manuscrits de Zabid. Fascicule 1, Les papiers filigranés. Sanaa, 2008.</subfield></datafield><datafield tag="510" ind1="3" ind2=" "><subfield code="a">Heawood, Edward. Watermarks, Mainly of the 17th and 19th Centuries. (Hilversum, 1950).</subfield></datafield><datafield tag="510" ind1="4" ind2=" "><subfield code="a">Brockelmann, C. GAL,</subfield><subfield code="c">II 187</subfield></datafield><datafield tag="520" ind1="8" ind2=" "><subfield code="a">Selections from al-Mahdī li-dīn Allāh Aḥmad ibn Yaḥyá ibn al-Murtaḍá's commentary on his own al-Azhār fī fiqh al-aʼimmah al-aṭhār, a textbook of Zaydī law, with an exceptional number of notes, glosses, and other matter preceding and following the text, as well as in the margins and on a large number of inserted slips. Contributions to the cataloguing provided by Alison Vacca and Anne Regourd.</subfield></datafield><datafield tag="538" ind1=" " ind2=" "><subfield code="a">Mode of access: Internet.</subfield></datafield><datafield tag="541" ind1=" " ind2=" "><subfield code="a">Acquired in 1926 from the bookseller Isaac Benjamin S.E. Yahuda via purchase transacted on his behalf by Abraham Shalom Yahuda (1877-1951), his younger brother.</subfield></datafield><datafield tag="546" ind1=" " ind2=" "><subfield code="a">Arabic.</subfield></datafield><datafield tag="561" ind1=" " ind2=" "><subfield code="a">Extraordinarily vast number of notes, including glosses, marginal corrections, reading notes, ownership marks, etc. supplied by former owners and users, particularly on added leaves at opening (pp.1-48) and close (pp.725-746) ; reading note on fol.25a is dated Shawwāl 1184 [January 1771] ; name of patron and former owner, Muḥammad ibn Aḥmad ibn Muḥammad ibn Ṣāliḥ al-ʻAnsī ( محمد بن احمد بن محمد بن صالح العنسي ) appears in an inscription on fol.25a as well as in the colophon/patronage statement.</subfield></datafield><datafield tag="600" ind1="1" ind2="0"><subfield code="a">Ibn al-Murtaḍá, Aḥmad ibn Yaḥyá,</subfield><subfield code="d">1363-1437.</subfield><subfield code="t">Ghayth al-midrār al-mufattiḥ li-kamāʼim al-Azhār fī fiqh al-aʼimmah al-aṭhār.</subfield></datafield><datafield tag="650" ind1=" " ind2="0"><subfield code="a">Manuscripts, Arabic</subfield><subfield code="z">Michigan</subfield><subfield code="z">Ann Arbor.</subfield></datafield><datafield tag="650" ind1=" " ind2="0"><subfield code="a">Zaydīs</subfield><subfield code="v">Early works to 1800.</subfield></datafield><datafield tag="650" ind1=" " ind2="0"><subfield code="a">Islamic law</subfield><subfield code="x">Interpretation and construction</subfield><subfield code="v">Early works to 1800.</subfield></datafield><datafield tag="700" ind1="0" ind2=" "><subfield code="6">880-06</subfield><subfield code="a">Muḥammad ibn Aḥmad ibn Muḥammad ibn Ṣāliḥ al-ʻAnsī,</subfield><subfield code="d">fl. 1660,</subfield><subfield code="e">patron,</subfield><subfield code="e">former owner.</subfield></datafield><datafield tag="700" ind1="1" ind2="2"><subfield code="6">880-05</subfield><subfield code="a">Ibn al-Murtaḍá, Aḥmad ibn Yaḥyá,</subfield><subfield code="d">1363-1437.</subfield><subfield code="t">Ghayth al-midrār al-mufattiḥ li-kamāʼim al-Azhār fī fiqh al-aʼimmah al-aṭhār.</subfield></datafield><datafield tag="773" ind1="0" ind2=" "><subfield code="a">Yahuda Collection.</subfield></datafield><datafield tag="880" ind1="0" ind2=" "><subfield code="6">700-06/</subfield><subfield code="a">محمد بن احمد بن محمد بن صالح العنسي,</subfield><subfield code="e">راع،</subfield><subfield code="e">مالك سابق.</subfield></datafield><datafield tag="880" ind1="1" ind2="2"><subfield code="6">700-05/</subfield><subfield code="a">ابن المرتضى, احمد بن يحيى.</subfield><subfield code="t">غيث المدرار في المفتح لكمائم الازهار في فقه الائمة الاطهار.</subfield></datafield><datafield tag="880" ind1="3" ind2=" "><subfield code="6">246-03/</subfield><subfield code="a">شرح الازهار في فقه الائمة الاطهار</subfield></datafield><datafield tag="880" ind1="1" ind2="2"><subfield code="6">245-02/</subfield><subfield code="a">[المنتزع المختار من الغيث المدرار المفتح لكمائم الازهار في فقه الائمة الاطهار,</subfield><subfield code="f">1070ه، 1660م].</subfield></datafield><datafield tag="880" ind1="1" ind2=" "><subfield code="6">100-01/</subfield><subfield code="a">ابن مفتاح, عبد الله بن ابي القاسم.</subfield></datafield><datafield tag="CID" ind1=" " ind2=" "><subfield code="a">006805275</subfield></datafield><datafield tag="DAT" ind1="0" ind2=" "><subfield code="a">20190803040243.0</subfield><subfield code="b">20190803000000.0</subfield></datafield><datafield tag="DAT" ind1="1" ind2=" "><subfield code="a">20190803090504.0</subfield><subfield code="b">2019-08-03T16:06:39Z</subfield></datafield><datafield tag="DAT" ind1="2" ind2=" "><subfield code="a">2015-10-02T18:00:03Z</subfield></datafield><datafield tag="CAT" ind1=" " ind2=" "><subfield code="a">SDR-MIU</subfield><subfield code="d">EX LIBRIS - ALEPH</subfield><subfield code="l">prepare.pl-004-008</subfield></datafield><datafield tag="FMT" ind1=" " ind2=" "><subfield code="a">BK</subfield></datafield><datafield tag="HOL" ind1=" " ind2=" "><subfield code="0">sdr-miu006805275</subfield><subfield code="a">MiU</subfield><subfield code="b">SDR</subfield><subfield code="c">MIU</subfield><subfield code="p">mdp.39015079127166</subfield><subfield code="s">MIU</subfield><subfield code="1">006805275</subfield></datafield><datafield tag="974" ind1=" " ind2=" "><subfield code="b">MIU</subfield><subfield code="c">MIU</subfield><subfield code="d">20190803</subfield><subfield code="s">lit-dlps-dc</subfield><subfield code="u">mdp.39015079127166</subfield><subfield code="y">1660</subfield><subfield code="r">pd</subfield><subfield code="q">bib</subfield><subfield code="t">non-US bib date1 &lt; 1896</subfield></datafield></record></collection>